@INPROCEEDINGS{unsw15,
author={N. Moustafa and J. Slay},
booktitle={2015 4th International Workshop on Building Analysis Datasets and Gathering Experience Returns for Security (BADGERS)},
title={The Significant Features of the UNSW-NB15 and the KDD99 Data Sets for Network Intrusion Detection Systems},
year={2015},
volume={},
number={},
pages={25-31},
keywords={computer network security;data mining;feature selection;telecommunication traffic;FAR;KDD99 data sets;NIDS;UNSW-NB15 datasets;association rule mining algorithm;cyber-attack pattern detection;false alarm rate;feature selection;network intrusion detection systems;network packets;network traffic flow;ubiquitous services;Complexity theory;Computers;Data mining;Feature extraction;Security;Testing;Training;Feature extraction;Feature selection;KDD99 dataset;Network Intrusion Detection System (NIDS);UNSW-NB15 dataset},
doi={10.1109/BADGERS.2015.014},
ISSN={},
month={Nov},}

@article{kmeans_15,
title = "Using Data Mining Algorithms for Developing a Model for Intrusion Detection System (IDS)",
journal = "Procedia Computer Science",
volume = "61",
pages = "46 - 51",
year = "2015",
note = "Complex Adaptive Systems San Jose, CA November 2-4, 2015",
issn = "1877-0509",
doi = "https://doi.org/10.1016/j.procs.2015.09.145",
url = "http://www.sciencedirect.com/science/article/pii/S1877050915029750",
author = "Solane Duque and Mohd. Nizam bin Omar",
keywords = "data mining, clustering, machine learning, unsupervised learning, k-means"
}

@INPROCEEDINGS{mlp_17,
author={P. V. S. Alpa√±o and J. R. I. Pedrasa and R. Atienza},
booktitle={TENCON 2017 - 2017 IEEE Region 10 Conference},
title={Multilayer perceptron with binary weights and activations for intrusion detection of Cyber-Physical systems},
year={2017},
volume={},
number={},
pages={2825-2829},
keywords={cyber-physical systems;multilayer perceptrons;security of data;CPS;binary weights;cyber-attacks;cyber-physical systems;host-centric intrusion detection;multilayer perceptron neural network;Binary Weights;CPS;Cyber Attacks;Intrusion Detection;Multilayer Perceptron;Theano},
doi={10.1109/TENCON.2017.8228342},
ISSN={},
month={Nov},}

@Article{ids_taxonomy,
author="Debar, Herv{\'e}
and Dacier, Marc
and Wespi, Andreas",
title="A revised taxonomy for intrusion-detection systems",
journal="Annales Des T{\'e}l{\'e}communications",
year="2000",
month="Jul",
day="01",
volume="55",
number="7",
pages="361--378",
issn="1958-9395",
doi="10.1007/BF02994844",
url="https://doi.org/10.1007/BF02994844"
}
